# Fichero de bibliografía (escribir en UTF-8)
@book{Libro1,
	Author = {Álvarez Mozos, Mikel and Martínez de Albéniz Salas, F. Javier},
	Edition = {First Edition},
	Publisher = {UOC},
	Title = {Teoría de Juegos},
	Year = {2021}
}

@book{Libro2,
	Author = {Pérez, Joaquín Jimeno and José Luis and Cerdá,Emilio},
	Edition = {Second Edition},
	Publisher = {Garceta},
	Title = {Teoría de Juegos},
	Year = {2021}
}

@book{Libro3,
	Author = {Sánchez-Cuenca, Ignacio},
	Edition = {Second edition reviwed and expanded},
	Publisher = {Centro de Investigaciones Sociológicas},
	Title = {Teoría de Juegos},
	Year = {2009}
}

@book{Libro4,
	Author = {Casas Méndez, Balbina and Fiestras Janeiro, M. Gloria and García Jurado, Ignacio and Gónzalez Díaz, Julio},
	Edition = {First edition reviwed and expanded},
	Publisher = {Servizo de Publicacións e Intercambio Científico Campus Vida},
	Title = {Introducción a la Teoría de Juegos},
	Year = {2012}
}


@ARTICLE{Libro5,
  title = {Teoría de Juegos},
  author = {Torrejón Valenzuela, Alberto },
  year = "2020",
  url = {https://idus.us.es/server/api/core/bitstreams/90448d24-41f5-462d-8b8c-a6a2be0fb9e7/content}
}

@Manual{R-base2,
  title = {R: A Language and Environment for Statistical
    Computing},
  author = {{R Core Team}},
  organization = {R Foundation for Statistical Computing},
  address = {Vienna, Austria},
  year = {2016},
  url = {https://www.R-project.org/},
}


@book{Wickham2017,
	Author = {Hadley Wickham and Garrett Grolemund},
	Edition = {First Edition},
	Publisher = {O'Reilly},
	Title = {R for Data Science: Import, Tidy, Transform, Visualize, and Model Data},
	Year = {2017}
}

@ARTICLE {Example2000,
    author  = "Example, Other",
    title   = "This is another exmaple article not cited in the text",
    journal = "Journal of Examples",
    year = "2000",
    volume  = "7",
    number  = "1",
    pages   = "28-32"
}
@ARTICLE {Author2016,
    author  = "Author, The",
    title   = "This is an example article with a very boring name",
    journal = "Journal of Examples",
    year = "2016",
    volume  = "9",
    number  = "2",
    pages   = "67-70"
}
@ARTICLE {Blabla2010,
    author  = "Blabla, Bla",
    title   = "It is raining outside",
    journal = "Journal of Examples",
    year = "2010",
    volume  = "4",
    number  = "1",
    pages   = "90-97"
}

@Misc{Techopedia,
  title = {"Definition - What does Business Intelligence (BI) mean?"},
  author = {Techopedia},
  year = "2017",
  howpublished = {Disponible en \url{https://www.techopedia.com/definition/345/business-intelligence-bi}}
}

@Manual{RStudio, 
  title = {RStudio: Integrated Development Environment for R}, 
  author = {{RStudio Team}}, 
  organization = {RStudio, Inc.}, 
  address = {Boston, MA}, 
  year = {2015}, 
  url = {http://www.rstudio.com/}
}


@Misc{webPedroLuque,
  year = "{2021}",
  author = "{Luque Calvo, Pedro L.}",
  title = "{Página personal de Pedro L. Luque}",
  url = {http://destio.us.es/calvo}
} 

@Article{lopez2007aplicacion,
  title={Aplicación de la programación por metas en la distribución de servicios 
  entre empresas operadoras del sistema de transporte masivo},
  author={Lopez, Juan Fernando and Fernández Henao, Sergio and Morales, Marcela María},
  journal={Scientia et technica},
  volume={13},
  number={37},
  pages={339--343},
  year={2007},
  publisher={Universidad Tecnológica de Pereira}
}



@Misc{webUS2a,
  year = "{Página web}",
  title = {Universidad de Sevilla},
  howpublished= {Disponible en \url{https://www.us.es}}
}




